@online{binus,
    author  = {Anonymous},
    title   = {Memahami System Development Life Cycle},
    year    = {2020},
    url     = {https://accounting.binus.ac.id/2020/05/19/memahami-system-development-life-cycle/},
}

@online{anakkos,
    author  = {Taufik Ismail},
    title   = {Perbedaan SDLC, RAD, dan JAD},
    year    = {2011},
    url     = {https://anakkos21.blogspot.com/2011/11/perbedaan-sdlc-rad-dan-jad.html},
}

@online{WEF,
    author  = {Melvin M. Vopson},
    title   = {The world's data explained: how much we're producing and where it's all stored},
    year    = {2020},
    url     = {https://www.bmc.com/blogs/sdlc-software-development-lifecycle/},
}

@online{BMC,
    author  = {Muhammad Raza},
    title   = {The Software Development Lifecycle (SDLC): An Introduction},
    year    = {2021},
    url     = {https://www.weforum.org/agenda/2021/05/world-data-produced-stored-global-gb-tb-zb/},
}

@online{Shantanu,
    author  = {Shantanu Choudhary},
    title   = {Evolution of System Development Life Cycle (SDLC)},
    year    = {2018},
    url     = {https://www.linkedin.com/pulse/evolution-system-development-life-cycle-sdlc-shantanu-choudhary},
}

@book{geoffrey,
  author         = {Geoffrey Elliot},
  editor         = {Geoffrey Elliot},
  publisher      = {Harlow, England ; New York : Pearson Addison Wesley},
  title          = {Global business information technology : an integrated systems approach},
  year           = {2004}
}

@online{tanmalaka,
    author  = {Tan Malaka},
    title   = {Naar de 'Republiek Indonesia'},
    year    = {1925},
    url     = {https://www.marxists.org/indonesia/archive/malaka/1925-Menuju.htm},
}

@article{agustinus,
  author          = {Agustinus Noertjahyana},
  journal         = {Jurnal Informatika, OJS PETRA},
  number          = {No. 2},
  title           = {STUDI ANALISIS RAPID APLICATION DEVELOPMENT SEBAGAI SALAH SATU ALTERNATIF METODE PENGEMBANGAN PERANGKAT LUNAK},
  volume          = {Vol 3},
  year            = {2004-06-21}
}

@online{codebots,
    author  = {Christine Chien},
    title   = {What is Rapid Application Development (RAD)?},
    year    = {04 February 2020},
    url     = {https://codebots.com/app-development/what-is-rapid-application-development-rad},
}

@online{bestpricecomputer,
    author  = {Anonymous},
    title   = {Rapid Application Development},
    year    = {},
    url     = {https://www.bestpricecomputers.co.uk/glossary/rapid-application-development.htm},
}

@online{wavemaker,
    author  = {Anonymous},
    title   = {RAD vs Traditional SDLC},
    year    = {November 23, 2020},
    url     = {https://www.wavemaker.com/rapid-application-development-vs-traditional-sdlc/},
}